<?xml version="1.0" encoding="UTF-8"?><collection xmlns="http://www.loc.gov/MARC21/slim"><record><leader>00353nam--2200133-i-4500</leader><controlfield tag="001">000034108</controlfield><controlfield tag="002">20161230</controlfield><controlfield tag="005">20161230201039</controlfield><controlfield tag="008">060222s1000------------r-----000-0-eng-d</controlfield><datafield ind1=" " ind2=" " tag="080"><subfield code="a">539.2:539.172.3</subfield></datafield><datafield ind1=" " ind2=" " tag="245"><subfield code="a">Mossbauer isomer shifts</subfield></datafield><datafield ind1=" " ind2=" " tag="260"><subfield code="a">Amsterdam, North-holland Publ.Co., 1978, X + 936p</subfield></datafield><datafield ind1=" " ind2=" " tag="700"><subfield code="a">Shenoy, G.K.And Wagner, F.E</subfield></datafield><datafield ind1=" " ind2=" " tag="852"><subfield code="a">45920</subfield></datafield></record></collection>